<?xml version="1.0" encoding="UTF-8"?><collection><record><leader>05596ntm a2200589 a 4500</leader><controlfield tag="001">006795860</controlfield><controlfield tag="003">MiAaHDL</controlfield><controlfield tag="005">20190719000000.0</controlfield><controlfield tag="006">m        d        </controlfield><controlfield tag="007">cr bn ---auaua</controlfield><controlfield tag="008">090521q16401641xx            00| ||ara d</controlfield><datafield tag="035" ind1=" " ind2=" "><subfield code="a">(MiU)006795860</subfield></datafield><datafield tag="035" ind1=" " ind2=" "><subfield code="a">sdr-miu006795860</subfield></datafield><datafield tag="040" ind1=" " ind2=" "><subfield code="a">MiU</subfield><subfield code="c">MiU</subfield><subfield code="e">amremm</subfield></datafield><datafield tag="043" ind1=" " ind2=" "><subfield code="a">n-us-mi</subfield></datafield><datafield tag="100" ind1="1" ind2=" "><subfield code="6">880-01</subfield><subfield code="a">Ibn al-Ḥājib, ʻUthmān ibn ʻUmar,</subfield><subfield code="d">1175-1249.</subfield></datafield><datafield tag="245" ind1="1" ind2="3"><subfield code="6">880-03</subfield><subfield code="a">[al-Kāfiyah,</subfield><subfield code="f">1050, i.e. 1640 or 1641].</subfield></datafield><datafield tag="246" ind1="3" ind2=" "><subfield code="a">كافيه</subfield></datafield><datafield tag="260" ind1=" " ind2=" "><subfield code="c">[1640 or 1641].</subfield></datafield><datafield tag="300" ind1=" " ind2=" "><subfield code="a">50 leaves :</subfield><subfield code="b">paper ;</subfield><subfield code="c">181 x 95 (129 x 45) mm.</subfield></datafield><datafield tag="500" ind1=" " ind2=" "><subfield code="a">Shelfmark: Ann Arbor, University of Michigan, Special Collections Library, Isl. Ms. 222</subfield></datafield><datafield tag="500" ind1=" " ind2=" "><subfield code="a">Origin: As appears in colophon on p.91, copied by Muḥammad al-Adirnawī (Mehmet Edirnevî) with transcription completed in in 1050 [1640 or 1].</subfield></datafield><datafield tag="500" ind1=" " ind2=" "><subfield code="a">Former shelfmark: "579 T. De M. [i.e. Tammaro de Marinis]" inscribed in pencil on verso of front flyleaf ; "138" inscribed in pencil on 'title page' (p.7).</subfield></datafield><datafield tag="500" ind1=" " ind2=" "><subfield code="a">Binding: Pasteboards (quite thin, semi-limp) covered in light brown leather with spine, fore edge flap, edges/turn-ins, and onlays in red leather ; Type II binding (with flap) ; board linings in green silver-flecked paper ; upper and lower covers carry mandorla and pendants with gold-tooled and gold-painted accents, as well as a gold-tooled guilloché roll border ; design continues on envelope flap ; sewn in yellow thread, two stations ; endbands virtually gone ; overall in quite poor condition with both upper and lower covers completely detached at spine (spine leather is completed detached from textblock, though spine lining remains), fore edge flap split and detaching, some abrasion, lifting and losses of leather, moisture damage, etc.</subfield></datafield><datafield tag="500" ind1=" " ind2=" "><subfield code="a">Support: non-European (Persian) laid paper with 8 laid lines per cm. and no chain lines apparent ; quite thin (though sturdy) and transluscent .</subfield></datafield><datafield tag="500" ind1=" " ind2=" "><subfield code="a">Decoration: Elegant illuminated headpiece (ʻunwān) at opening on p.8 consisting of rectangular panel filled with curvilinear vegetal floral design evoking arabesque in gold, red, pink and white on a field of lapis lazuli, surmounted by scalloped semi-circular piece (dome) filled with same vegetal floral design and itself surmounted by a pendant and vertical stalks (tīgh) ; the entire piece is set into a well/border consisting of gold bands flanking a band of red with white crosses ; text of written area throughout surrounded by a heavy gilt frame with second frame surrounded the text of the margins ; keywords and abbreviation symbols chrysographed occasional textual dividers in the form of red discs ; cloudbands outline in gold accents written area of several pages ; curvilinear vegetal design in gold (reminiscent of that in headpiece) flanks colophon.</subfield></datafield><datafield tag="500" ind1=" " ind2=" "><subfield code="a">Script: Nastaʻlīq ; large, elegant hand ; serifless ; characteristic effect of words descending to baseline ; superscripting of final words and letters at the end of a line ; closed counters ; some elongation of horizontal strokes.</subfield></datafield><datafield tag="500" ind1=" " ind2=" "><subfield code="a">Layout: Written in 11 lines per page ; frame-ruled.</subfield></datafield><datafield tag="500" ind1=" " ind2=" "><subfield code="a">Collation: i, I+1 (3), 4 V(43), II+1 (48), I (50), i ; chiefly quinions ; foliation in black ink, Hindu-Arabic numerals ; pagination in pencil, Western numerals, supplied during digitization (includes added leaves).</subfield></datafield><datafield tag="500" ind1=" " ind2=" "><subfield code="a">Colophon: "Scribal," triangular, reads: "حرره الفقير المذنب الادرنوي غفر الله ذنوبه وستر عيوبه لسنة خمسين والف"</subfield></datafield><datafield tag="500" ind1=" " ind2=" "><subfield code="a">Explicit: "فيرد ما حذف والمفتوح ما قبلها تقلب الفا تم الكتاب"</subfield></datafield><datafield tag="500" ind1=" " ind2=" "><subfield code="a">Incipit: "الكلمة لفظ وضع لمعنى مفرد وهي اسم وفعل وحرف ..."</subfield></datafield><datafield tag="500" ind1=" " ind2=" "><subfield code="a">Title supplied by cataloguer.</subfield></datafield><datafield tag="500" ind1=" " ind2=" "><subfield code="a">Ms. codex.</subfield></datafield><datafield tag="510" ind1="4" ind2=" "><subfield code="a">Brockelmann, C. GAL,</subfield><subfield code="c">I 303 ; S I 531</subfield></datafield><datafield tag="520" ind1="8" ind2=" "><subfield code="a">Fine copy of Ibn al-Ḥājib's grammatical treatise on naḥw (syntax). Added table of contents precedes work (pp.5-6).</subfield></datafield><datafield tag="538" ind1=" " ind2=" "><subfield code="a">Mode of access: Internet.</subfield></datafield><datafield tag="541" ind1=" " ind2=" "><subfield code="c">Purchase ;</subfield><subfield code="a">Acquired by purchase (funds donated by Horace Rackham).</subfield><subfield code="d">1924.</subfield></datafield><datafield tag="546" ind1=" " ind2=" "><subfield code="a">Arabic.</subfield></datafield><datafield tag="561" ind1=" " ind2=" "><subfield code="a">Inscriptions in pencil on front flyleaf "579 T. De M. [i.e. Tammaro de Marinis]" and 'title page' (p.7) "138" ; on 'title page' (p.7) ownership statement dated 18 Rabīʻ II 1176 [ca. 6 November 1762] in name of the lieutenant (mulāzim) Muḥammad Rāshid (Mehmet Raşit) ; another virtually effaced ownership statement accompanied by oval seal impression (illegible) also appears in 'title page' (p.7) ; faint inscription with book price on 'title page' (p.7) ; extensive marginal and interlinear glosses ; occasional marginal corrections.</subfield></datafield><datafield tag="650" ind1=" " ind2="0"><subfield code="a">Manuscripts, Arabic</subfield><subfield code="z">Michigan</subfield><subfield code="z">Ann Arbor.</subfield></datafield><datafield tag="650" ind1=" " ind2="0"><subfield code="a">Arabic language</subfield><subfield code="x">Grammar</subfield><subfield code="v">Early works to 1800.</subfield></datafield><datafield tag="650" ind1=" " ind2="0"><subfield code="a">Arabic language</subfield><subfield code="x">Syntax</subfield><subfield code="v">Early works to 1800.</subfield></datafield><datafield tag="655" ind1=" " ind2="7"><subfield code="a">Headpieces (layout features)</subfield><subfield code="y">17th century.</subfield><subfield code="2">aat</subfield></datafield><datafield tag="700" ind1="0" ind2=" "><subfield code="a">Abdülhamid</subfield><subfield code="b">II,</subfield><subfield code="c">Sultan of the Turks,</subfield><subfield code="d">1842-1918,</subfield><subfield code="e">former owner.</subfield></datafield><datafield tag="700" ind1="0" ind2=" "><subfield code="6">880-05</subfield><subfield code="a">Muḥammad Rāshid,</subfield><subfield code="d">fl. 1762,</subfield><subfield code="e">former owner.</subfield></datafield><datafield tag="700" ind1="0" ind2=" "><subfield code="6">880-04</subfield><subfield code="a">Mehmet Edirnevî</subfield><subfield code="d">fl. 1640,</subfield><subfield code="e">scribe.</subfield></datafield><datafield tag="773" ind1="0" ind2=" "><subfield code="a">Abdul Hamid Collection.</subfield></datafield><datafield tag="880" ind1="0" ind2=" "><subfield code="6">700-05/</subfield><subfield code="a">محمد راشد،</subfield><subfield code="e">مالك سابق.</subfield></datafield><datafield tag="880" ind1="0" ind2=" "><subfield code="6">700-04/</subfield><subfield code="a">محمد ادرنوي،</subfield><subfield code="e">ناسخ.</subfield></datafield><datafield tag="880" ind1="1" ind2="2"><subfield code="6">245-03/</subfield><subfield code="a">[الكافية,</subfield><subfield code="f">1050ه، 1640 أو 1641م].</subfield></datafield><datafield tag="880" ind1="1" ind2=" "><subfield code="6">100-01/</subfield><subfield code="a">ابن الحاجب، عثمان بن عمر.</subfield></datafield><datafield tag="CID" ind1=" " ind2=" "><subfield code="a">006795860</subfield></datafield><datafield tag="DAT" ind1="0" ind2=" "><subfield code="a">20190719102636.0</subfield><subfield code="b">20190719000000.0</subfield></datafield><datafield tag="DAT" ind1="1" ind2=" "><subfield code="a">20190719090653.0</subfield><subfield code="b">2019-07-19T16:10:28Z</subfield></datafield><datafield tag="DAT" ind1="2" ind2=" "><subfield code="a">2015-10-02T18:00:03Z</subfield></datafield><datafield tag="CAT" ind1=" " ind2=" "><subfield code="a">SDR-MIU</subfield><subfield code="d">EX LIBRIS - ALEPH</subfield><subfield code="l">prepare.pl-004-008</subfield></datafield><datafield tag="FMT" ind1=" " ind2=" "><subfield code="a">BK</subfield></datafield><datafield tag="HOL" ind1=" " ind2=" "><subfield code="0">sdr-miu006795860</subfield><subfield code="a">MiU</subfield><subfield code="b">SDR</subfield><subfield code="c">MIU</subfield><subfield code="p">mdp.39015079126192</subfield><subfield code="s">MIU</subfield><subfield code="1">006795860</subfield></datafield><datafield tag="974" ind1=" " ind2=" "><subfield code="b">MIU</subfield><subfield code="c">MIU</subfield><subfield code="d">20190719</subfield><subfield code="s">lit-dlps-dc</subfield><subfield code="u">mdp.39015079126192</subfield><subfield code="y">1641</subfield><subfield code="r">pd</subfield><subfield code="q">bib</subfield><subfield code="t">non-US bib date2 &lt; 1896</subfield></datafield></record></collection>